@article{8732314920150101,
Author = {Mohn, Elizabeth},
Journal = {Salem Press Encyclopedia of Science},
Keywords = {LATEX (Computer software), DOCUMENT markup languages, COMPUTERIZED typesetting},
Title = {LaTeX (document preparation system).},
URL = {https://ezp.lib.unimelb.edu.au/login?url=https://search-ebscohost-com.ezp.lib.unimelb.edu.au/login.aspx?direct=true&db=ers&AN=87323149&site=eds-live&scope=site},
Year = {2015},
}

@online{LaTeXWiki,
  author = {Wikipedia},
  title = {LaTeX},
  year = 2016,
  month = {April},
  url = {https://en.wikipedia.org/wiki/Latex},
  urldate = {2016-05-25},
}

@online{BiberWiki,
  author = {Wikipedia},
  title = {Biber (LaTeX)},
  year = 2016,
  month = {April},
  url = {https://en.wikipedia.org/wiki/Biber_(LaTeX)},
  urldate = {2016-05-25},
}

@book{melb.b479708120110101,
Author = {Kottwitz, Stefan},
Publisher = {Birmingham, U.K. : Packt Pub., 2011.},
Title = {LaTeX. [electronic resource] : beginner's guide.},
URL = {https://ezp.lib.unimelb.edu.au/login?url=https://search-ebscohost-com.ezp.lib.unimelb.edu.au/login.aspx?direct=true&db=cat00006a&AN=melb.b4797081&site=eds-live&scope=site},
Year = {2011},
}